
@article{apvrille2005secure,
  title={Secure software development by example},
  author={Apvrille, Axelle and Pourzandi, Makan},
  journal={IEEE Security \& Privacy},
  volume={3},
  number={4},
  pages={10--17},
  year={2005},
  publisher={IEEE}
}

@article{howard2003inside,
  title={Inside the {Windows} security push},
  author={Howard, Michael and Lipner, Steve},
  journal={IEEE Security \& Privacy},
  volume={1},
  number={1},
  pages={57--61},
  year={2003},
  publisher={IEEE}
}

@book{shostack2014threat,
  title={Threat modeling: Designing for security},
  author={Shostack, Adam},
  year={2014},
  publisher={John Wiley \& Sons}
}

@inproceedings{yskout2020threat,
  title={Threat modeling: from infancy to maturity},
  author={Yskout, Koen and Heyman, Thomas and Van Landuyt, Dimitri and Sion, Laurens and Wuyts, Kim and Joosen, Wouter},
  booktitle={Proceedings of the ACM/IEEE 42nd International Conference on Software Engineering: New Ideas and Emerging Results},
  pages={9--12},
  year={2020}
}

@book{tarandach2020threat,
  title={Threat Modeling},
  author={Tarandach, Izar and Coles, Matthew J},
  year={2020},
  publisher={O'Reilly Media, Inc.},
}

@article{saini2008threat,
  title={Threat modeling using attack trees},
  author={Saini, Vineet and Duan, Qiang and Paruchuri, Vamsi},
  journal={Journal of Computing Sciences in Colleges},
  volume={23},
  number={4},
  pages={124--131},
  year={2008},
}

@article{widel2019beyond,
  title={Beyond 2014: Formal Methods for Attack Tree--based Security Modeling},
  author={Wide{\l}, Wojciech and Audinot, Maxime and Fila, Barbara and Pinchinat, Sophie},
  journal={ACM Computing Surveys (CSUR)},
  volume={52},
  number={4},
  pages={1--36},
  year={2019},
  publisher={ACM New York, NY, USA}
}

@inproceedings{dev2023models,
  title={Models of Applied Privacy (MAP): A Persona Based Approach to Threat Modeling},
  author={Dev, Jayati and Rashidi, Bahman and Garg, Vaibhav},
  booktitle={Proceedings of the 2023 CHI Conference on Human Factors in Computing Systems},
  pages={1--15},
  year={2023}
}

@article{pirca2023empirical,
  title={An empirical evaluation of the effectiveness of attack graphs and MITRE ATT\&CK matrices in aiding cyber attack perception amongst decision-makers},
  author={Pirca, Ana Maria and Lallie, Harjinder Singh},
  journal={Computers \& Security},
  volume={130},
  pages={103254},
  year={2023},
  publisher={Elsevier}
}

@techreport{shevchenko2018threat,
  title={Threat modeling: a summary of available methods},
  author={Shevchenko, Nataliya and Chick, Timothy A and O'Riordan, Paige and Scanlon, Thomas P and Woody, Carol},
  year={2018},
  institution={Carnegie Mellon University Software Engineering Institute Pittsburgh United States}
}

@article{lallieReviewAttackGraph2020,
	title        = {A review of attack graph and attack tree visual syntax in cyber security},
	author       = {Lallie, Harjinder Singh and Debattista, Kurt and Bal, Jay},
	year         = 2020,
	month        = feb,
	journal      = {Computer Science Review},
	volume       = 35,
	pages        = 100219,
	doi          = {10.1016/j.cosrev.2019.100219},
	issn         = {1574-0137}
}
@inproceedings{mauwFoundationsAttackTrees2006,
	title        = {Foundations of {Attack} {Trees}},
	author       = {Mauw, Sjouke and Oostdijk, Martijn},
	year         = 2006,
	booktitle    = {Information {Security} and {Cryptology} - {ICISC} 2005},
	publisher    = {Springer},
	address      = {Berlin, Heidelberg},
	series       = {Lecture {Notes} in {Computer} {Science}},
	pages        = {186--198},
	doi          = {10.1007/11734727_17},
	isbn         = {978-3-540-33355-5},
}
@article{dawkinsSystematicApproachMultiStage2004,
	title        = {A {Systematic} {Approach} to {Multi}-{Stage} {Network} {Attack} {Analysis}},
	author       = {Dawkins, Jerald and Hale, John},
	year         = 2004,
	pages        = 9,
}
@inproceedings{pinchinatSynthesisAttackTrees2014,
	title        = {Towards {Synthesis} of {Attack} {Trees} for {Supporting} {Computer}-{Aided} {Risk} {Analysis}},
	author       = {Pinchinat, Sophie and Acher, Mathieu and Vojtisek, Didier},
	year         = 2014,
	month        = sep,
	volume       = 8938,
	doi          = {10.1007/978-3-319-15201-1_24}
}
@article{hongSurveyUsabilityPractical2017,
	title        = {A survey on the usability and practical applications of {Graphical} {Security} {Models}},
	author       = {Hong, Jin B. and Kim, D. and Chung, Chun-Jen and Huang, Dijiang},
	year         = 2017,
	journal      = {Comput. Sci. Rev.},
	doi          = {10.1016/j.cosrev.2017.09.001}
}
@inproceedings{jhawarAttackTreesSequential2015,
	title        = {Attack {Trees} with {Sequential} {Conjunction}},
	author       = {Jhawar, Ravi and Kordy, Barbara and Mauw, Sjouke and Radomirović, Saša and Trujillo-Rasua, Rolando},
	year         = 2015,
	booktitle    = {{ICT} {Systems} {Security} and {Privacy} {Protection}},
	publisher    = {Springer International Publishing},
	address      = {Cham},
	series       = {{IFIP} {Advances} in {Information} and {Communication} {Technology}},
	pages        = {339--353},
	doi          = {10.1007/978-3-319-18467-8_23},
	isbn         = {978-3-319-18467-8},
}
@inproceedings{pinchinatATSyRaIntegratedEnvironment2016,
	title        = {{ATSyRa}: {An} {Integrated} {Environment} for {Synthesizing} {Attack} {Trees}},
	shorttitle   = {{ATSyRa}},
	author       = {Pinchinat, Sophie and Acher, Mathieu and Vojtisek, Didier},
	year         = 2016,
	booktitle    = {Graphical {Models} for {Security}},
	publisher    = {Springer International Publishing},
	address      = {Cham},
	series       = {Lecture {Notes} in {Computer} {Science}},
	pages        = {97--101},
	doi          = {10.1007/978-3-319-29968-6_7},
	isbn         = {978-3-319-29968-6}
}
@article{lallieEmpiricalEvaluationEffectiveness2017,
  title={An empirical evaluation of the effectiveness of attack graphs and fault trees in cyber-attack perception},
  author={Lallie, Harjinder Singh and Debattista, Kurt and Bal, Jay},
  journal={IEEE Transactions on Information Forensics and Security},
  volume={13},
  number={5},
  pages={1110--1122},
  year={2017},
  publisher={IEEE}
}
}
@article{kordyDAGBasedAttackDefense2013,
	title        = {{DAG}-{Based} {Attack} and {Defense} {Modeling}: {Don}'t {Miss} the {Forest} for the {Attack} {Trees}},
	shorttitle   = {{DAG}-{Based} {Attack} and {Defense} {Modeling}},
	author       = {Kordy, Barbara and Piètre-Cambacédès, Ludovic and Schweitzer, Patrick},
	year         = 2013,
	month        = mar,
	journal      = {arXiv:1303.7397 [cs]}
}
@article{kordyAttackdefenseTrees2014,
	title        = {Attack-defense trees},
	author       = {Kordy, B. and Mauw, S. and Radomirovic, S. and Schweitzer, P.},
	year         = 2014,
	month        = feb,
	journal      = {Journal of Logic and Computation},
	volume       = 24,
	number       = 1,
	pages        = {55--87},
	doi          = {10.1093/logcom/exs029},
	issn         = {0955-792X, 1465-363X}
}
@inproceedings{audinotMyAttackTree2017,
	title        = {Is {My} {Attack} {Tree} {Correct}?},
	author       = {Audinot, Maxime and Pinchinat, Sophie and Kordy, Barbara},
	year         = 2017,
	booktitle    = {Computer {Security} – {ESORICS} 2017},
	publisher    = {Springer International Publishing},
	address      = {Cham},
	series       = {Lecture {Notes} in {Computer} {Science}},
	pages        = {83--102},
	doi          = {10.1007/978-3-319-66402-6_7},
	isbn         = {978-3-319-66402-6},
}
@phdthesis{labunetsSecurityRiskAssessment,
	title        = {Security {Risk} {Assessment} {Methods}: {An} {Evaluation} {Framework} and {Theoretical} {Model} of the {Criteria} {Behind} {Methods}’ {Success}},
	author       = {Labunets, Katsiaryna},
	school       = {University of Trento}
}
@incollection{massacciHowSelectSecurity2012,
	title        = {How to {Select} a {Security} {Requirements} {Method}? {A} {Comparative} {Study} with {Students} and {Practitioners}},
	shorttitle   = {How to {Select} a {Security} {Requirements} {Method}?},
	author       = {Massacci, Fabio and Paci, Federica},
	year         = 2012,
	booktitle    = {Secure {IT} {Systems}},
	publisher    = {Springer Berlin Heidelberg},
	address      = {Berlin, Heidelberg},
	volume       = 7617,
	pages        = {89--104},
	doi          = {10.1007/978-3-642-34210-3_7},
	isbn         = {978-3-642-34209-7 978-3-642-34210-3}
}
@mastersthesis{sonderenManualAttackTrees2019,
	title        = {A {Manual} for {Attack} {Trees}},
	author       = {Sonderen, Tim},
	year         = 2019,
	school       = {University of Twente}
}
@article{peffersDesignScienceResearch2007,
	title        = {A {Design} {Science} {Research} {Methodology} for {Information} {Systems} {Research}},
	author       = {Peffers, Ken and Tuunanen, Tuure and Rothenberger, Marcus A. and Chatterjee, Samir},
	year         = 2007,
	month        = dec,
	journal      = {Journal of Management Information Systems},
	volume       = 24,
	number       = 3,
	pages        = {45--77},
	doi          = {10.2753/MIS0742-1222240302},
	issn         = {0742-1222}
}
@article{labunetsFirstEmpiricalEvaluation2014a,
	title        = {A first empirical evaluation framework for security risk assessment methods in the {ATM} domain: 4th {SESAR} {Innovation} {Days}},
	shorttitle   = {A first empirical evaluation framework for security risk assessment methods in the {ATM} domain},
	author       = {Labunets, K. and Massacci, F. and Paci, F. and Ragosta, M. and Solhaug, B. and Stølen, K. and Tedeschi, A.},
	year         = 2014,
	journal      = {SIDs 2014 - Proceedings of the SESAR Innovation Days},
	series       = {{SIDs} 2014 - {Proceedings} of the {SESAR} {Innovation} {Days}},
	issn         = 9782874970771
}
@article{kaynarTaxonomyAttackGraph2016a,
	title        = {A taxonomy for attack graph generation and usage in network security},
	author       = {Kaynar, Kerem},
	year         = 2016,
	month        = aug,
	journal      = {Journal of Information Security and Applications},
	volume       = 29,
	pages        = {27--56},
	doi          = {10.1016/j.jisa.2016.02.001},
	issn         = {2214-2126}
}
@article{millerMagicalNumberSeven1956,
	title        = {The magical number seven, plus or minus two: {Some} limits on our capacity for processing information},
	shorttitle   = {The magical number seven, plus or minus two},
	author       = {Miller, George A.},
	year         = 1956,
	journal      = {Psychological Review},
	volume       = 63,
	number       = 2,
	pages        = {81--97},
	doi          = {10.1037/h0043158},
	issn         = {1939-1471}
}
@article{opdahlExperimentalComparisonAttack2009,
	title        = {Experimental comparison of attack trees and misuse cases for security threat identification},
	author       = {Opdahl, Andreas L. and Sindre, Guttorm},
	year         = 2009,
	month        = may,
	journal      = {Information and Software Technology},
	series       = {{SPECIAL} {ISSUE}: {Model}-{Driven} {Development} for {Secure} {Information} {Systems}},
	volume       = 51,
	number       = 5,
	pages        = {916--932},
	doi          = {10.1016/j.infsof.2008.05.013},
	issn         = {0950-5849}
}
@inproceedings{kordyFoundationsAttackDefense2011,
	title        = {Foundations of {Attack}–{Defense} {Trees}},
	author       = {Kordy, Barbara and Mauw, Sjouke and Radomirović, Saša and Schweitzer, Patrick},
	year         = 2011,
	booktitle    = {Formal {Aspects} of {Security} and {Trust}},
	publisher    = {Springer},
	address      = {Berlin, Heidelberg},
	series       = {Lecture {Notes} in {Computer} {Science}},
	pages        = {80--95},
	doi          = {10.1007/978-3-642-19751-2_6},
	isbn         = {978-3-642-19751-2}
}
@article{moodyMethodEvaluationModel2003,
	title        = {The {Method} {Evaluation} {Model}: {A} {Theoretical} {Model} for {Validating} {Information} {Systems} {Design} {Methods}},
	shorttitle   = {The {Method} {Evaluation} {Model}},
	author       = {Moody, Daniel},
	year         = 2003,
	month        = jan,
	journal      = {ECIS 2003 Proceedings}
}
@article{marangunicTechnologyAcceptanceModel2015,
	title        = {Technology acceptance model: a literature review from 1986 to 2013},
	shorttitle   = {Technology acceptance model},
	author       = {Marangunić, Nikola and Granić, Andrina},
	year         = 2015,
	month        = mar,
	journal      = {Universal Access in the Information Society},
	volume       = 14,
	number       = 1,
	pages        = {81--95},
	doi          = {10.1007/s10209-014-0348-1},
	issn         = {1615-5297}
}
@article{gegickMatchingAttackPatterns2005a,
	title        = {Matching attack patterns to security vulnerabilities in software-intensive system designs},
	author       = {Gegick, Michael and Williams, Laurie},
	year         = 2005,
	month        = may,
	journal      = {ACM SIGSOFT Software Engineering Notes},
	volume       = 30,
	number       = 4,
	pages        = {1--7},
	doi          = {10.1145/1082983.1083211},
	issn         = {0163-5948}
}
@article{dialloComparativeEvaluationThree2006,
	title        = {A comparative evaluation of three approaches to specifying security requirements},
	author       = {Diallo, Mamadou and Romero-Mariona, Jose and Sim, Susan and Alspaugh, Thomas and Richardson, Debra},
	year         = 2006,
	month        = jan
}
@article{fithenFormalModelingVulnerability2004,
	title        = {Formal modeling of vulnerability},
	author       = {Fithen, William L. and Hernan, Shawn V. and O'Rourke, Paul F. and Shinberg, David A.},
	year         = 2004,
	journal      = {Bell Labs Technical Journal},
	volume       = 8,
	number       = 4,
	pages        = {173--186},
	doi          = {10.1002/bltj.10094},
	issn         = {1538-7305}
}
@inproceedings{staheliVisualizationEvaluationCyber2014,
	title        = {Visualization evaluation for cyber security: trends and future directions},
	shorttitle   = {Visualization evaluation for cyber security},
	author       = {Staheli, Diane and Yu, Tamara and Crouser, R. Jordan and Damodaran, Suresh and Nam, Kevin and O'Gwynn, David and McKenna, Sean and Harrison, Lane},
	year         = 2014,
	month        = nov,
	booktitle    = {Proceedings of the {Eleventh} {Workshop} on {Visualization} for {Cyber} {Security}},
	publisher    = {ACM},
	address      = {Paris France},
	pages        = {49--56},
	doi          = {10.1145/2671491.2671492},
	isbn         = {978-1-4503-2826-5}
}
@techreport{sushilAdvancedCyberAttack,
	title        = {Advanced {Cyber} {Attack} {Modeling} {Analysis} and {Visualization}},
	author       = {Sushil, Jajodia and Noel, Steven}
}
@article{davisPerceivedUsefulnessPerceived1989,
	title        = {Perceived {Usefulness}, {Perceived} {Ease} of {Use}, and {User} {Acceptance} of {Information} {Technology}},
	author       = {Davis, Fred D.},
	year         = 1989,
	journal      = {MIS Quarterly},
	volume       = 13,
	number       = 3,
	pages        = {319--340},
	doi          = {10.2307/249008},
	issn         = {0276-7783}
}
@inproceedings{tondelCombiningMisuseCases2010,
	title        = {Combining {Misuse} {Cases} with {Attack} {Trees} and {Security} {Activity} {Models}},
	author       = {Tøndel, Inger Anne and Jensen, Jostein and Røstad, Lillian},
	year         = 2010,
	month        = feb,
	booktitle    = {2010 {International} {Conference} on {Availability}, {Reliability} and {Security}},
	pages        = {438--445},
	doi          = {10.1109/ARES.2010.101}
}

@article{kordyQuantitativeQuestionsAttackDefense2012,
	title = {Quantitative {Questions} on {Attack}-{Defense} {Trees}},
	url = {https://orbilu.uni.lu/handle/10993/11469},
	language = {en},
	urldate = {2023-09-24},
	author = {Kordy, Barbara and Mauw, Sjouke and Schweitzer, Patrick},
	year = {2012},
	note = {Publisher: Springer},
	annote = {Comment: technical report including formal pruning and additional figures},
}

@article{lohnerAttackDefenseTreesOtherSecurity2018,
	title        = {Attack-{Defense}-{Trees} and other {Security} {Modeling} {Tools}},
	author       = {Löhner, Benjamin},
	year         = 2018,
	doi          = {10.2313/NET-2018-11-1_13},
	collaborator = {Architectures, Chair Of Network}
}
@article{karpatiComparingAttackTrees2014,
	title        = {Comparing attack trees and misuse cases in an industrial setting},
	author       = {Karpati, Peter and Redda, Yonathan and Opdahl, Andreas L. and Sindre, Guttorm},
	year         = 2014,
	month        = mar,
	journal      = {Information and Software Technology},
	volume       = 56,
	number       = 3,
	pages        = {294--308},
	doi          = {10.1016/j.infsof.2013.10.004},
	issn         = {09505849}
}
@inproceedings{labunetsExperimentComparingTextual2014,
	title        = {An experiment on comparing textual vs. visual industrial methods for security risk assessment},
	author       = {Labunets, Katsiaryna and Paci, Federica and Massacci, Fabio and Ruprai, Raminder},
	year         = 2014,
	month        = aug,
	booktitle    = {2014 {IEEE} 4th {International} {Workshop} on {Empirical} {Requirements} {Engineering} ({EmpiRE})},
	pages        = {28--35},
	doi          = {10.1109/EmpiRE.2014.6890113}
}
@article{karpatiInvestigatingSecurityThreats2015,
	title        = {Investigating security threats in architectural context: {Experimental} evaluations of misuse case maps},
	shorttitle   = {Investigating security threats in architectural context},
	author       = {Karpati, Peter and Opdahl, Andreas L. and Sindre, Guttorm},
	year         = 2015,
	month        = jun,
	journal      = {Journal of Systems and Software},
	volume       = 104,
	pages        = {90--111},
	doi          = {10.1016/j.jss.2015.02.040},
	issn         = {01641212}
}
@inproceedings{labunetsExperimentalComparisonTwo2013,
	title        = {An {Experimental} {Comparison} of {Two} {Risk}-{Based} {Security} {Methods}},
	author       = {Labunets, Katsiaryna and Massacci, Fabio and Paci, Federica and Tran, Le Minh Sang},
	year         = 2013,
	month        = oct,
	booktitle    = {2013 {ACM} / {IEEE} {International} {Symposium} on {Empirical} {Software} {Engineering} and {Measurement}},
	pages        = {163--172},
	doi          = {10.1109/ESEM.2013.29}
}
@article{schneierSecretsLiesDigital2000,
	title        = {Secrets and {Lies}: {Digital} {Security} in a {Networked} {World}},
	author       = {Schneier, Bruce},
	year         = 2000,
	month        = aug
}
@inproceedings{kattaComparingTwoTechniques2010,
	title        = {Comparing {Two} {Techniques} for {Intrusion} {Visualization}},
	author       = {Katta, Vikash and Karpati, Peter and Opdahl, Andreas L. and Raspotnig, Christian and Sindre, Guttorm},
	year         = 2010,
	booktitle    = {The {Practice} of {Enterprise} {Modeling}},
	publisher    = {Springer},
	address      = {Berlin, Heidelberg},
	series       = {Lecture {Notes} in {Business} {Information} {Processing}},
	pages        = {1--15},
	doi          = {10.1007/978-3-642-16782-9_1},
	isbn         = {978-3-642-16782-9}
}
@article{schneierAttackTrees1999,
	title        = {Attack trees},
	author       = {Schneier, Bruce},
	year         = 1999,
	journal      = {Dr. Dobb’s journal},
	volume       = 24,
	number       = 12,
	pages        = {21--29}
}
@inproceedings{meyurBayesianAttackTree2020,
	title        = {A {Bayesian} {Attack} {Tree} {Based} {Approach} to {Assess} {Cyber}-{Physical} {Security} of {Power} {System}},
	author       = {Meyur, Rounak},
	year         = 2020,
	month        = feb,
	booktitle    = {2020 {IEEE} {Texas} {Power} and {Energy} {Conference} ({TPEC})},
	pages        = {1--6},
	doi          = {10.1109/TPEC48276.2020.9042529}
}
@article{abdelaalComparativeEvaluationBipartite2023,
	title        = {Comparative {Evaluation} of {Bipartite}, {Node}-{Link}, and {Matrix}-{Based} {Network} {Representations}},
	author       = {Abdelaal, Moataz and Schiele, Nathan D. and Angerbauer, Katrin and Kurzhals, Kuno and Sedlmair, Michael and Weiskopf, Daniel},
	year         = 2023,
	month        = jan,
	journal      = {IEEE Transactions on Visualization and Computer Graphics},
	volume       = 29,
	number       = 1,
	pages        = {896--906},
	doi          = {10.1109/TVCG.2022.3209427},
	issn         = {1941-0506}
}
@inproceedings{schieleNovelApproachAttack2022?,
	title        = {A {Novel} {Approach} for {Attack} {Tree} to {Attack} {Graph} {Transformation}},
	author       = {Schiele, Nathan Daniel and Gadyatskaya, Olga},
	year         = 2022,
	booktitle    = {Risks and {Security} of {Internet} and {Systems}},
	publisher    = {Springer International Publishing},
	address      = {Cham},
	series       = {Lecture {Notes} in {Computer} {Science}},
	pages        = {74--90},
	doi          = {10.1007/978-3-031-02067-4_5},
	isbn         = {978-3-031-02067-4}
}
@book{andersonSecurityEngineeringGuide2020,
	title        = {Security {Engineering}: {A} {Guide} to {Building} {Dependable} {Distributed} {Systems}},
	shorttitle   = {Security {Engineering}},
	author       = {Anderson, Ross},
	year         = 2020,
	month        = nov,
	publisher    = {John Wiley \& Sons},
	isbn         = {978-1-119-64281-7}
}
@online{mauwRFIDCommunicationBlock,
	title = {{RFID} {Communication} {Block}},
	url = {https://satoss.uni.lu/projects/atrees/trees/block_communication.pdf},
	howpublished = {\url{https://satoss.uni.lu/projects/atrees/trees/block_communication.pdf}},
	urldate = {2022-09-04},
	journal = {Security and Trust of Software Systems.},
	author = {Mauw, Sjouke},
}

@article{buldasAttributeEvaluationAttack2020,
	title        = {Attribute evaluation on attack trees with incomplete information},
	author       = {Buldas, Ahto and Gadyatskaya, Olga and Lenin, Aleksandr and Mauw, Sjouke and Trujillo-Rasua, Rolando},
	year         = 2020,
	month        = jan,
	journal      = {Computers \& Security},
	volume       = 88,
	pages        = 101630,
	doi          = {10.1016/j.cose.2019.101630},
}
@inproceedings{sunCyberAttackRisksAnalysis2018,
	title        = {Cyber-{Attack} {Risks} {Analysis} {Based} on {Attack}-{Defense} {Trees}},
	author       = {Sun, Wenjun and Lv, Liqun and Su, Yang and Wang, Xu An},
	year         = 2018,
	booktitle    = {Advances in {Internetworking}, {Data} \& {Web} {Technologies}},
	address      = {Cham},
	series       = {LNDECT},
	pages        = {667--678},
}
@article{steinbartInfluenceGoodRelationship2018,
	title        = {The influence of a good relationship between the internal audit and information security functions on information security outcomes},
	author       = {Steinbart, Paul John and Raschke, Robyn L. and Gal, Graham and Dilla, William N.},
	year         = 2018,
	month        = nov,
	journal      = {Accounting, Organizations and Society},
	volume       = 71,
	pages        = {15--29},
}
@article{baldwinInformationseekingBehaviorSecurities1997,
	title        = {Information-seeking behavior of securities analysts: {Individual} and institutional influences, information sources and channels, and outcomes},
	shorttitle   = {Information-seeking behavior of securities analysts},
	author       = {Baldwin, Nancy Sadler and Rice, Ronald E.},
	year         = 1997,
	journal      = {Journal of the American Society for Information Science},
	volume       = 48,
	number       = 8,
	pages        = {674--693},
}


@inproceedings{kordyADToolSecurityAnalysis2013,
  title      = {{ADTool}: {Security} {Analysis} with {Attack}–{Defense} {Trees}},
  shorttitle = {{ADTool}},
  author     = {Kordy, Barbara and Kordy, Piotr and Mauw, Sjouke and Schweitzer, Patrick},
  year       = 2013,
  booktitle  = {Quantitative {Evaluation} of {Systems}},
  publisher  = {Springer},
  series     = {LNCS},
  pages      = {173--176},
  editor     = {Joshi, Kaustubh and Siegle, Markus and Stoelinga, Mariëlle and D’Argenio, Pedro R.}
}



@incollection{scandariato_empirical_2014,
  title      = {Empirical Assessment of Security Requirements and Architecture: Lessons Learned},
  author     = {Scandariato, Riccardo and Paci, Federica and Tran, Le Minh Sang and Labunets, Katsiaryna and Yskout, Koen and Massacci, Fabio and Joosen, Wouter},
  pages      = {35--64},
  doi        = {10.1007/978-3-319-07452-8_2},
 year = {2014},
}
@inproceedings{tuma_role_2022,
  title      = {The role of diversity in cybersecurity risk analysis: an experimental plan},
  author     = {Tuma, Katja and Van Der Lee, Romy},
  booktitle  = {Proceedings of the Third Workshop on Gender Equality, Diversity, and Inclusion in Software Engineering},
  location   = {Pittsburgh Pennsylvania},
  publisher  = {{ACM}},
  pages      = {12--18},
  eventtitle = {Proc. of ICSE},
  year = {2022},
}
@article{mbaka_towards_2023,
  title        = {Towards Unveiling Effects Of Human Factors Within Security Risk Assessment},
  author       = {Mbaka, Winnie},
  volume       = 48,
  number       = 1,
  pages        = {70--75},
  doi          = {10.1145/3573074.3573092},
  issn         = {0163-5948},
  journaltitle = {{ACM} {SIGSOFT} Software Engineering Notes},
  shortjournal = {{SIGSOFT} Softw. Eng. Notes},
  date         = {2023-01-10}
}
@article{de_la_vara_empirical_2020,
  title        = {An empirical evaluation of the use of models to improve the understanding of safety compliance needs},
  author       = {De La Vara, Jose Luis and Marín, Beatriz and Ayora, Clara and Giachetti, Giovanni},
  volume       = 126,
  pages        = 106351,
  doi          = {10.1016/j.infsof.2020.106351},
  issn         = {09505849},
  journaltitle = {Information and Software Technology},
  shortjournal = {Information and Software Technology},
  date         = {2020-10}
}
@article{hogganvik_comprehension_2005,
  title        = {On the Comprehension of Security Risk Scenarios},
  author       = {Hogganvik, I. and Stolen, K.},
  pages        = {115--124},
  doi          = {10.1109/WPC.2005.27},
  note         = {Conference Name: 13th International Workshop on Program Comprehension ({IWPC}'05) {ISBN}: 9780769522548 Place: St. Louis, {MO}, {USA} Publisher: {IEEE}},
  journaltitle = {13th International Workshop on Program Comprehension ({IWPC}'05)},
  date         = 2005
}
@inproceedings{hogganvik_investigating_2007,
  title  = {Investigating Preferences in Graphical Risk Modeling Related modeling notations , Experiment material},
  author = {Hogganvik, Ida and Stolen, K.},
  date   = 2007
}
@inproceedings{hogganvik_risk_2005,
  title      = {Risk analysis terminology for {IT}-systems: does it match intuition?},
  shorttitle = {Risk analysis terminology for {IT}-systems},
  author     = {Hogganvik, I. and Stolen, K.},
  booktitle  = {2005 International Symposium on Empirical Software Engineering, 2005.},
  pages      = {10 pp.--},
  doi        = {10.1109/ISESE.2005.1541810},
  eventtitle = {2005 International Symposium on Empirical Software Engineering, 2005.},
  date       = {2005-11}
}

@inproceedings{wu_what_2020,
  title      = {What risk? I don't understand. An Empirical Study on Users' Understanding of the Terms Used in Security Texts},
  shorttitle = {What risk?},
  author     = {Wu, Tingmin and Zhang, Rongjunchen and Ma, Wanlun and Wen, Sheng and Xia, Xin and Paris, Cecile and Nepal, Surya and Xiang, Yang},
  booktitle  = {Proceedings of the 15th {ACM} Asia Conference on Computer and Communications Security},
  location   = {New York, {NY}, {USA}},
  publisher  = {Association for Computing Machinery},
  series     = {{ASIA} {CCS} '20},
  pages      = {248--262},
  doi        = {10.1145/3320269.3384761},
  isbn       = {978-1-4503-6750-9},
  date       = {2020-10-05}
}



@article{iachello2005evaluation,
  title     = {An evaluation of the comprehensibility and usability of a design method for ubiquitous computing applications},
  author    = {Iachello, Giovanni and Abowd, Gregory D},
  year      = {2005},
  publisher = {Citeseer}
}

@article{pappachan2008cultural,
  title     = {Cultural influences on the comprehensibility of icons in mobile--computer interaction},
  author    = {Pappachan, Preethy and Ziefle, Martina},
  journal   = {Behaviour \& Information Technology},
  volume    = {27},
  number    = {4},
  pages     = {331--337},
  year      = {2008},
  publisher = {Taylor \& Francis}
}

@inproceedings{salmanAreStudentsRepresentatives2015,
  title     = {Are {Students} {Representatives} of {Professionals} in {Software} {Engineering} {Experiments}?},
  author    = {Salman, Iflaah and Misirli, Ayse Tosun and Juristo, Natalia},
  year      = 2015,
  month     = may,
  booktitle = {2015 {IEEE}/{ACM} 37th {IEEE} {International} {Conference} on {Software} {Engineering}},
  volume    = 1,
  doi       = {10.1109/ICSE.2015.82}
}
@inproceedings{svahnbergUsingStudentsSubjects2008,
  title     = {Using students as subjects - an empirical evaluation},
  author    = {Svahnberg, Mikael and Aurum, Aybüke and Wohlin, Claes},
  year      = 2008,
  month     = oct,
  booktitle = {Proceedings of the {Second} {ACM}-{IEEE} international symposium on {Empirical} software engineering and measurement},
  publisher = {Association for Computing Machinery},
  address   = {New York, NY, USA},
  series    = {{ESEM} '08},
  doi       = {10.1145/1414004.1414055},
  isbn      = {978-1-59593-971-5}
}
@inproceedings{naiakshinaConductingSecurityDeveloper2020,
  title      = {On {Conducting} {Security} {Developer} {Studies} with {CS} {Students}: {Examining} a {Password}-{Storage} {Study} with {CS} {Students}, {Freelancers}, and {Company} {Developers}},
  shorttitle = {On {Conducting} {Security} {Developer} {Studies} with {CS} {Students}},
  author     = {Naiakshina, Alena and Danilova, Anastasia and Gerlitz, Eva and Smith, Matthew},
  year       = 2020,
  month      = apr,
  booktitle  = {Proceedings of the 2020 {CHI} {Conference} on {Human} {Factors} in {Computing} {Systems}},
  publisher  = {Association for Computing Machinery},
  address    = {New York, NY, USA},
  series     = {{CHI} '20},
  doi        = {10.1145/3313831.3376791},
  isbn       = {978-1-4503-6708-0}
}
@inproceedings{yakdanHelpingJohnnyAnalyze2016,
  title      = {Helping {Johnny} to {Analyze} {Malware}: {A} {Usability}-{Optimized} {Decompiler} and {Malware} {Analysis} {User} {Study}},
  shorttitle = {Helping {Johnny} to {Analyze} {Malware}},
  author     = {Yakdan, Khaled and Dechand, Sergej and Gerhards-Padilla, Elmar and Smith, Matthew},
  year       = 2016,
  month      = may,
  booktitle  = {2016 {IEEE} {Symposium} on {Security} and {Privacy} ({SP})},
  doi        = {10.1109/SP.2016.18}
}
